@article{CaloReport:1997,
	Author = {{The CMS Collaboration}},
	Date-Added = {2013-09-15 18:05:27 +0000},
	Date-Modified = {2013-09-15 18:06:32 +0000},
	Journal = {CERN-LHCC-97-031},
	Title = {{The CMS Hadron Calorimeter}},
	Url = {http://cds.cern.ch/record/357153},
	Year = {1997},
	Bdsk-Url-1 = {http://cds.cern.ch/record/357153}
}
